%% This BibTeX bibliography file was created using BibDesk.
%% http://bibdesk.sourceforge.net/


%% Created for Donkyu Baek at 2015-06-26 17:48:14 +0900 
%%%%%%%%%%%%%%%%%%%%%%%%%%%%%%%%%%
%%V2V communication
%%%%%%%%%%%%%%%%%%%%%%%%%%%%%%%%%%
@article{Shreejith:ESL13,
	Author = {Shanker Shreejith and Suhaib A. Fahmy and Martin Lukasiewycz},
	Journal = {IEEE Embedded Systems Letters},
	Title = {Reconfigurable Computing in Next-Generation Automotive Networks},
	Year = {2013}}


%%%%%%%%%%%%%%%%%%%%%%%%%%%%%%%%%%
%%Other vehicle models (GM Bolt)
%%%%%%%%%%%%%%%%%%%%%%%%%%%%%%%%%%
@misc{Tesla_ModelS:official,
	title = {Tesla {M}odel {S} {S}pecs},
	Howpublished = {Tesla {O}fficial {W}ebsite, 
	\url{https://www.tesla.com/models}}}
@misc{GM_Spark:official,
	title = {Chevrolet {S}park {EV}},
	Howpublished = {Chevrolet {O}fficial {W}ebsite, 
	\url{http://media.gm.com/media/us/en/chevrolet/vehicles/spark-ev/2016.tab1.html}}}
@misc{BYD_K9:official,
	title = {K9 {E}lectric {T}ransit {B}us {T}ech {S}pecs},
	Howpublished = {BYD {O}fficial {W}ebsite, 
	\url{http://en.byd.com/usa/bus/k9-electric-transit-bus/#specs}}}
@misc{Tesla_Roadster:official,
	title = {Tesla {R}oadster {B}ase {S}pecs},
	Howpublished = {Tesla {O}fficial {W}ebsite, 
	\url{https://www.tesla.com/roadster}}}


%%%%%%%%%%%%%%%%%%%%%%%%%%%%%%%%%%
%%Vehicle model (GM Bolt)
%%%%%%%%%%%%%%%%%%%%%%%%%%%%%%%%%%
	
@misc{GM_Bolt:official,
	title = {2018 Chevrolet {B}olt {EV} Features and Specifications},
	Howpublished = {Chevrolet Official Website, 
	\url{http://www.chevrolet.ca/bolt-ev-electric-vehicle/specs/trims.html}}}
@misc{GM_Bolt:spec,
	title = {{D}eep {D}ive: {C}hevrolet {B}olt Battery Pack, Motor And More},
	Howpublished = {Inside EVs, 
	\url{https://insideevs.com/deep-dive-chevrolet-bolt-battery-pack-motor-and-more/}}}
@misc{GM_Bolt:range25mph,
	title = {Opel {A}mpera-{E} ({B}olt {EV}) Goes 387 Miles On Single Charge -- Videos},
	Howpublished = {Inside EVs, 
	\url{https://insideevs.com/opel-ampera-e-goes-387-miles/}}}
@misc{GM_Bolt:range65mph,
	title = {Chevrolet {B}olt Sets Consumer Reports' Electric-Vehicle Range Record},
	Howpublished = {Customer Reports, 
	\url{https://www.consumerreports.org/2017-chevrolet-bolt/chevrolet-bolt-sets-electric-vehicle-range-record/}}}
@misc{GM_Bolt:range75mph,
	title = {Instrumented Test Of {C}hevrolet {B}olt -- 190 Miles Of Range At Steady 75 MPH},
	Howpublished = {Inside EVs, 
	\url{https://insideevs.com/instrumented-test-of-chevrolet-bolt-190-miles-of-range-at-steady-75-mph/}}}
@misc{GM_Bolt:range93mph,
	title = {160-mile top-speed range},
	Howpublished = {Motor Trend, 
	\url{http://www.motortrend.com/news/chevrolet-bolt-ev-engineers-reveal-11-cool-facts-car-year/}}}


%%%%%%%%%%%%%%%%%%%%%%%%%%%%%%%%%%
%%Our previous works
%%%%%%%%%%%%%%%%%%%%%%%%%%%%%%%%%%
@inproceedings{Hong:ASPDAC16,
	Author = {Joonki Hong and Sangjun Park and Naehyuck Chang},
	Booktitle = {Proceedings of Asia and South Pacific Design Automation and Conference (ASP-DAC)},
	Title = {Accurate Remaining Range Estimation for Electric Vehicles},
	Year = {2016}}

@inproceedings{Chang:ICCAD14,
	Author = {Naehyuck Chang and Donkyu Baek and Jeongmin Hong},
	Booktitle = {Proceedings of IEEE/ACM International Conference on Computer-Aided Design (ICCAD)},
	Title = {Power Consumption Characterization, Modeling and Estimation of Electric Vehicles},
	Year = {2014}}

%%%%%%%%%%%%%%%%%%%%%%%%%%%%%%%%%%
%%Related works: G1. ICEV
%%%%%%%%%%%%%%%%%%%%%%%%%%%%%%%%%%
@article{Kamal:TITS11,
	Author = {M. A. S. Kamal and Masakazu Mukai and Junichi Murata and Taketoshi Kawabe},
	Journal = {IEEE Transactions on Intelligent Transportation Systems, vol. 12, no. 3, Sept.},
	Title = {Ecological Vehicle Control on Roads With Up-Down Slopes},
	Year = {2011}}

@article{Ozatay:TITS14,
	Author = {E. Ozatay and S. Onori and J. Wollaeger and U. Ozguner and G. Rizzoni and
		D. Filev and J. Michelini and S. Cairano},
	Journal = {IEEE Transactions on Intelligent Transportation Systems, vol. 15, no. 6},
	Title = {Cloud-based velocity profile optimization for everyday driving: 
		a dynamic-programming-based solution},
	Year = {2014}}


###### GA
@article{Dovgana:ASC14,
	Author = {E. Dovgana and M. Javorskib and T. Tusara and M. Gamsa and B. Filipica},
	Journal = {Applied Soft computing},
	Title = {Discovering driving strategies with a multiobjective optimization algorithm},
	Year = {2014}}

@inproceedings{Grossard:ISIE12,
	Author = {Mathieu Grossard and Sofiene Kachroudi and Neil Abroug},
	Booktitle = {IEEE International Symposium on Industrial Electronics},
	Title = {An Optimal Energy-based Approach for Driving Guidance of Full Electric Vehicles},
	Year = {2012}}

#########################

@inproceedings{Ozatay:IFAC14, 
	Author = {E. Ozatay and U. Ozguner and J. Michelini and D. Filev}, 
	Booktitle = {Proceedings of IFAC world congress}, 
	Title = {Analytical Solution to the Minimum Energy Consumption Based Velocity Profile Optimization Problem With Variable Road Grade}, 
	Year={2014}}

@inproceedings{Ozatay:CDC13,
	Author = {E. Ozatay and U. Ozguner and D. Filev and J. Michelini},
	Booktitle = {Proceedings of IEEE International Conference on Decision and Control},
	Title = {Analytical and Numerical Solutions for Energy Minimization of Road Vehicles with the Existence of Multiple Traffic Lights},
	Year = {2013}}

@article{Khayyam:ESA12,
	Author = {H. Khayyam and S. Nahavandi and S. Davis},
	Journal = {Expert Systems with Applications},
	Title = {Adaptive cruise control look-ahead system for energy management of vehicles},
	Year = {2012}}
@article{Asadi:TCST11,
	Author = {Behrang Asadi and Ardalan Vahidi},
	Journal = {IEEE Transactions on Control Systems Technology},
	Title = {Predictive Cruise Control: Utilizing Upcoming Traffic Signal Information for Improving Fuel Economy and Reducing Trip Time},
	Year = {2011}}

@article{Nunzio:JRNC15,
	Author = {G. Nunzio and C. Wit and P. Moulin and D. Domenico,},
	Journal = {International Journal of Robust and Nonlinear Control},
	Title = {Eco-driving in urban traffic networks using traffic signals information},
	Year = {2015}}
%%%%%%%%%%%%%%%%%%%%%%%%%%%%%%%%%%
%%Related works: G2. OPT with DP
%%%%%%%%%%%%%%%%%%%%%%%%%%%%%%%%%%
@inproceedings{Lin:ICCA14,
	Author = {X. Lin and D. Gorges and S. Liu},
	Booktitle = {Proceedings of IEEE Conference on Control Applications},
	Title = {Eco-Driving Assistance System for Electric Vehicles based on Speed Profile Optimization},
	Year = {2014}}

@inproceedings{Dib:IVPPC11,
	Author = {Wissam Dib and Lorenzo Serrao and Antonio Sciarretta},
	Booktitle = {Proceedings of IEEE Vehicle Power and Propulsion Conference},
	Title = {Optimal control to minimize trip time and energy consumption in electric vehicles},
	Year = {2011}}

@article{Hellstrom:CEP09,
	Author = {Erik Hellstrom and Maria Ivarsson and Jan Aslund and Lars Nielsen},
	Journal = {Control Engineering Practice, vol. 17, no. 2},
	Title = {Look-ahead control for heavy trucks to minimize trip time and fuel consumption},
	Year = {2009}}

@article{Dib:OGST12,
	Author = {Wissam Dib and Alexandre Chasse and Domenico di Domenico and Philippe Moulin and Antonio Sciarretta},
	Journal = {Oil Gas Science and Technology},
	Title = {Evaluation of the energy efficiency of a fleet of electric vehicle for eco-driving application},
	Year = {2012}}

@article{Mensing:TR13,
	Author = {F. Mensing and E. Bideaux and R. Trigui and H. Tattegrain},
	Journal = {Transportation Research Part D: Transport and Environment},
	Title = {Trajectory optimization for eco-driving taking into account traffic constraints},
	Year = {2013}}

%%%%%%%%%%%%%%%%%%%%%%%%%%%%%%%%%%
%%Related works: G3. OPT for 
%%%%%%%%%%%%%%%%%%%%%%%%%%%%%%%%%%
@inproceedings{Yan:NAPS14,
	Author = {Q. Yan and B. Zhang and M. Kezunovic},
	Booktitle = {North American Power Symposium (NAPS)}, 
	Title = {Optimization of electric vehicle movement for efficient energy consumption}, 
	Year={2014}}

@article{Dib:CEP14,
	Author = {Wissam Dib and Alexandre Chasse and Philippe Moulin and Antonio Sciarretta 
		and Gilles Corde},
	Journal = {Control Engineering Practice},
	Title = {Optimal energy management for an electric vehicle in eco-driving applications},
	Year = {2014}}

%%Related works: G4.(out of scopes)
@article{Wu:TR15,
	Author = {Xinkai Wu and David Freese and Alfredo Cabrera and William A. Kitch},
	Journal = {Transportation Research Part D: Transport and Environment, vol. 34},
	Title = {Electric vehiclesâ€™ energy consumption measurement and estimation},
	Year = {2015}}
@article{Wu:ITS15,
	Author = {Xinkai Wu and Xiaozheng He and Guizhen Yu},
	Journal = {Transactions on Intelligent Transportation Systems, vol. 16, no. 5},
	Title = {Energy-Optimal Speed Control for Electric Vehicles on Signalized Arterials},
	Year = {2015}}

%%%%%%%%%%%%%%%%%%%%%%%%%%%%%%%%%%
%%Previous work for modeling or simulation
%%%%%%%%%%%%%%%%%%%%%%%%%%%%%%%%%%
@article{Markel:JPS02,
	Author = {T. Markel and A. Brooker and T. Hendricks and V. Johnson and K. Kelly},
	Journal = {Journal of Power Sources},
	Title = {ADVISOR: a systems analysis tool for advanced vehicle modeling},
	Year = {2002}}

%%%%%%%%%%%%%%%%%%%%%%%%%%%%%%%%%%
%%Related EDA works
%%%%%%%%%%%%%%%%%%%%%%%%%%%%%%%%%%
@inproceedings{Vatanparvar:DAC15,
	Author = {Korosh Vatanparvar and Mohammad Abdullah Al Faruque},
	Booktitle = {Proceedings of IEEE/ACM Design Automation Conference (DAC)},
	Title = {Battery lifetime-aware automotive climate control for Electric Vehicles},
	Year = {2015}}

@inproceedings{Steinhorst:ASPDAC16,
	Author = {Sebastian Steinhorst and Zili Shao and Samarjit Chakraborty and Matthias Kauer and Shuai Li and Martin Lukasiewycz and Swaminathan Narayanaswamy and Muhammad Usman Rafique and and Qixin Wang},
	Booktitle = {Proceedings of Asia and South Pacific Design Automation and Conference (ASP-DAC)},
	Title = {Distributed reconfigurable Battery System Management Architectures},
	Year = {2016}}

@inproceedings{Zhao:ICCAD15,
	Author = {Hengyang Zhao and Daniel Quach and Shujuan Wang and Haibao Chen and Xin Li and Sheldon Tan},
	Booktitle = {Proceedings of International Conference on Computer-Aided Design (ICCAD)},
	Title = {Learning Based Compact Thermal Modeling for Energy-Efficient Smart Building Management},
	Year = {2015}}

@article{Shin:TCAD15,
	Author = {Donghwa Shin and Massimo Poncino and Enrico Macii and Naehyuck Chang},
	Journal = {Transactions on Computer-Aided Design of Integrated Circuits and Systems (TCAD)},
	Title = {A Statistical Model-Based Cell-to-Cell Variability Management of Li-ion Battery Pack},
	Year = {2015}}

@article{Wu:TCAD13,
	Author = {Jie Wu and Jia Wang and Kun Li and Hai Zhou and Qin Lv and Li Shang and Yihe Sun},
	Journal = {Transactions on Computer-Aided Design of Integrated Circuits and Systems (TCAD)},
	Title = {Large-Scale Energy Storage System Design and Optimization for Emerging Electric-Drive Vehicles},
	Year = {2013}}

@article{Xie:TCAD16,
	Author = {Qing Xie and Donghwa Shin and Naehyuck Chang and Massoud Pedram},
	Journal = {Transactions on Computer-Aided Design of Integrated Circuits and Systems (TCAD)},
	Title = {Joint Charge and Thermal Management for Batteries in Portable Systems With Hybrid Power Sources},
	Year = {2016}}

@article{Narayanaswamy:TVLSI17,
	Author = {Swaminathan Narayanaswamy and Matthias Kauer and Sebastian Steinhorst and Martin Lukasiewycz and Samarjit Chakraborty},
	Journal = {Transactions on Very Large Scale Integration (VLSI) Systems},
	Title = {Modular Active Charge Balancing for Scalable Battery Packs},
	Year = {2017}}

@article{Xie:TCAD13,
	Author = {Qing Xie and Yanzhi Wang and Younghyun Kim and Massoud Pedram and Naehyuck Chang},
	Journal = {Transactions on Computer-Aided Design of Integrated Circuits and Systems},
	Title = {Charge Allocation in Hybrid Electrical Energy Storage Systems},
	Year = {2013}}

@article{Kim:JPS14,
	Author = {Younghyun Kim and Jason Koh and Qing Xie and Yanzhi Wang and Naehyuck Chang and Massoud Pedram},
	Journal = {Journal of Power Sources},
	Title = {A scalable and flexible hybrid energy storage system design and implementation},
	Year = {2014}}

%%%%%%%%%%%%%%%%%%%%%%%

@inproceedings{Shaheer:RTCSA17,
	Author = {Shaheer Muhammad and Nan Guan and Shuai Li and Qixin Wang and Zili Shao},
	Booktitle = {2017 IEEE 23rd International Conference on Embedded and Real-Time Computing Systems and Applications (RTCSA)},
	Title = {Efficient and balanced charging of reconfigurable battery with variable power supply},
	Year = {2017}}

@article{Seshia:TCAD17,
	Author = {Sanjit A. Seshia and Shiyan Hu and Wenchao Li and Qi Zhu},
	Journal = {IEEE Transactions on Computer-Aided Design of Integrated Circuits and Systems},
	Title = {Design Automation of Cyber-Physical Systems: Challenges, Advances, and Opportunities},
	Year = {2017}}

@article{Liu:TPDS17,
	Author = {Yang Liu and Shiyan Hu},
	Journal = {IEEE Transactions on Parallel and Distributed Systems},
	Title = {Renewable Energy Pricing Driven Scheduling in Distributed Smart Community Systems},
	Year = {2017}}

@article{Vatanparvar:TECS18,
	Author = {Korosh Vatanparvar and Mohammad Abdullah Al Faruque},
	Journal = {ACM Transaction on Embedded Computing Systems},
	Title = {Design and Analysis of Battery-Aware Automotive Climate Control for Electric Vehicles},
	Year = {2018}}

@article{Vatanparvar:TSG18,
	Author = {Korosh Vatanparvar and Sina Faezi and Igor Burago and Marco Levorato and Mohammad Abdullah Al Faruque},
	Journal = {IEEE Transaction on Smart Grid},
	Title = {Extended Range Electric Vehicle with Driving Behavior Estimation in Energy Management},
	Year = {2018}}

@article{Vatanparvar:TODAES17,
	Author = {Korosh Vatanparvar and Mohammad Abdullah Al Faruque},
	Journal = {ACM Transaction on Design Automation of Electronic Systems},
	Title = {Electric Vehicle Optimized Charge and Drive Management},
	Year = {2017}}

%%%%%%%%%%%%%%%%%%%%%%%%%%%%%%%%%%
%%Books
%%%%%%%%%%%%%%%%%%%%%%%%%%%%%%%%%%
@phdthesis{Seraens:thesis12,
	Author = {Bart Saerens},
	School = {Katholieke Universities Leuven},
	Title = {Optimal control based eco-driving},
	Year = {2012}}

@book{Lechner:Springer99,
	Author = {G. Lechner and H. Naunheimer},
	Publisher = {Spinger},
	Title = {Automotive transmissions: Fundamentals, Selection, Design and Application},
	Year = {1999}}

%%wrong
@book{James:Wiley03,
	Author = {L. James and L. John},
	Publisher = {Wiley},
	Title = {Electric Vehicle Technology Explained},
	Year = {2003}}

@article{Hooker:TR88,
	Author = {J. Hooker},
	Journal = {Transportation Research Part A: General, vol. 22, no. 3, 183 - 201},
	Title = {Optimal driving for single-vehicle fuel economy},
	Year = {1988}}

@inproceedings{Lin:ICCD93,
	Author = {Bill Lin and Hugo De Man},
	Booktitle = {Proceedings of IEEE/ACM International Conference on Computer Design (ICCD)},
	Title = {Low-Power Driven Technology Mapping under Timing Constraints},
	Year = {1993}}

@book{Larminie:Wiley03,
	Author = {J. Larminie and J. Lowry},
	Date-Modified = {2015-02-28 01:45:14 +0000},
	Publisher = {John Wiley and Sons, Ltd},
	Title = {Electric Vehicle Technology Explained},
	Year = {2003}}

@inproceedings{Kim:ICCPS13,
	Author = {E. Kim and J. Lee and K. Shin},
	Booktitle = {Proceedings of ICCPS},
	Title = {Real-Time Prediction of Battery Power Requirements for Electric Vehicles},
	Year = {2013}}

@inproceedings{Petit:IFAC11,
	Author = {N. Petit and A. Sciarretta},
	Booktitle = {Proceedings of IFAC},
	Title = {Optimal drive of electric vehicles using an inversion-based trajectory generation approach},
	Year = {2011}}

@article{Dovgan:ASOC14,
	Author = {E. Dovgan and M. Javorski and T. Tusar and M. Gams and B. Filipic},
	Journal = {Elsevier Journal of Applied Soft Computing},
	Month = {March},
	Title = {Discovering driving strategies with a multiobjective optimization algorithm},
	Year = {2014}}

@inproceedings{Kim:ISLPED14,
	Author = {J. Kim and Y. Wang and M. Pedram and N. Chang},
	Booktitle = {Proceedings of ISLPED},
	Date-Added = {2014-08-17 01:33:22 +0000},
	Date-Modified = {2014-08-17 01:34:20 +0000},
	Title = {Fast photovoltaic array reconfiguration for partial solar powered vehicles},
	Year = {2014}}

@inproceedings{DSeraPVModel,
	Author = {D. Sera and R. Teodorescu and P. Rodriguez},
	Booktitle = {Proceedings of the International Symposium on Industrial Electronics},
	Date-Added = {2014-08-16 04:44:48 +0000},
	Date-Modified = {2014-08-16 07:53:51 +0000},
	Title = {PV panel model based on datasheet values},
	Year = {2007}}

@misc{LIFEPO4:Life_cycle,
	Date-Added = {2014-08-16 04:43:00 +0000},
	Date-Modified = {2014-08-16 04:44:23 +0000},
	Howpublished = {AA portable power corp, \url{http://www.batteryspace.com/lifepo4cellspacks.aspx}}}

@book{LIFEPO4,
	Author = {B. Jin and Q. Jiang},
	Date-Added = {2014-08-16 04:40:46 +0000},
	Date-Modified = {2014-08-16 04:42:44 +0000},
	Publisher = {Nova Science Publishers},
	Title = {LiFePO4 Cathode Materials for Lithium-Ion Batteries},
	Year = {2009}}

@inproceedings{Park:DAC13,
	Author = {S. Park and Y. Kim and N. Chang},
	Booktitle = {Proceedings of DAC},
	Date-Added = {2014-08-16 04:40:12 +0000},
	Date-Modified = {2014-08-16 07:52:21 +0000},
	Title = {Hybrid energy storage systems and battery management for electric vehicles},
	Year = {2013}}

@inproceedings{Chakraborty:DATE2012,
	Author = {S. Chakraborty and M. Lukasiewycz and C. Buckl and S. Fahmy and N. Chang and S. Park and Y. Kim and P. Leteinturier and H. Adlkofer},
	Booktitle = {Proceedings of DATE},
	Date-Added = {2014-08-16 04:39:30 +0000},
	Date-Modified = {2014-08-16 07:53:12 +0000},
	Title = {Embedded systems and software challenges in electric vehicles},
	Year = {2012}}

@inproceedings{Zhu:CODES2013,
	Author = {D. Zhu and S. Yue and Y. Wang and Y. Kim and N. Chang and M. Pedram},
	Booktitle = {Proceedings of the International Conference on Hardware/Software Codesign and System Synthesis},
	Date-Added = {2014-08-16 04:38:28 +0000},
	Date-Modified = {2014-08-16 07:52:42 +0000},
	Title = {Designing a residential hybrid electrical energy storage system based on the energy buffering strategy},
	Year = {2013}}

@inproceedings{Wang:DATE2013,
	Author = {Y. Wang and X. Lin and M. Pedram and S. Park and N. Chang},
	Booktitle = {Proceedings of DATE},
	Date-Added = {2014-08-16 04:36:43 +0000},
	Date-Modified = {2014-08-16 07:53:41 +0000},
	Title = {Optimal control of a grid-connected hybrid electrical energy storage system for homes},
	Year = {2013}}

@inproceedings{Pedram:ISLPED10,
	Author = {M. Pedram and N. Chang and Y. Kim and Y. Wang},
	Booktitle = {Proceedings of ISLPED},
	Date-Added = {2014-08-16 04:35:09 +0000},
	Date-Modified = {2014-08-16 07:53:26 +0000},
	Title = {Hybrid electrical energy storage systems},
	Year = {2010}}

@misc{kyoto_protocol,
	Date-Added = {2014-08-16 04:24:19 +0000},
	Date-Modified = {2014-08-16 04:24:42 +0000},
	Howpublished = {United Nations Framework Convention on Climate Change, \url{unfccc.int/2860.php}}}

@misc{MOLIT,
	Date-Added = {2014-08-16 04:23:55 +0000},
	Date-Modified = {2014-08-16 04:24:17 +0000},
	Howpublished = {Minister of Land, Infrastructure and Transport, \url{http://www.molit.go.kr/portal.do}}}

@misc{FHWA,
	Date-Added = {2014-08-16 04:23:09 +0000},
	Date-Modified = {2014-08-16 04:23:54 +0000},
	Howpublished = {U.S. Department of Transportation Federal Highway Adminimstration, \url{http://www.fhwa.dot.gov/policyinformation/statistics/2012/mv1.cfm}}}

@misc{entsoe,
	Date-Added = {2014-08-16 04:22:43 +0000},
	Date-Modified = {2014-08-16 04:23:07 +0000},
	Howpublished = {european network of transmission system operators for electricity, \url{https://www.entsoe.eu/Pages/default.aspx}}}

@misc{EMS,
	Date-Added = {2014-08-16 04:22:23 +0000},
	Date-Modified = {2014-08-16 04:22:41 +0000},
	Howpublished = {Energy market authority, \url{http://www.ema.gov.sg/}}}

@misc{UNS,
	Date-Added = {2014-08-16 04:22:05 +0000},
	Date-Modified = {2014-08-16 04:22:22 +0000},
	Howpublished = {European nuclear society, \url{http://www.euronuclear.org/}}}

@misc{UKgov,
	Date-Added = {2014-08-16 04:21:31 +0000},
	Date-Modified = {2014-08-16 04:22:01 +0000},
	Howpublished = {Electricity statistics in UK, \url{https://www.gov.uk/government/collections/electricity-statistics}}}

@misc{Kepco,
	Date-Added = {2014-08-16 04:20:53 +0000},
	Date-Modified = {2015-06-26 08:47:48 +0000},
	Howpublished = {Kepco, \url{http://cyber.kepco.co.kr}}}

@misc{EIA,
	Date-Added = {2014-08-16 04:18:23 +0000},
	Date-Modified = {2014-08-16 06:02:22 +0000},
	Howpublished = {U.S. Energy Information Administration, \url{http://www.eia.gov/electricity/annual/}}}

@article{Krein:TPE13,
	Author = {Yilmaz, M. and Krein, P.T.},
	Date-Added = {2014-08-16 04:17:09 +0000},
	Date-Modified = {2014-08-16 07:33:37 +0000},
	Howpublished = {Power Electronics, IEEE Transactions on},
	Journal = {IEEE Trans. Power Electronics},
	Month = {May},
	Title = {Review of Battery Charger Topologies, Charging Power Levels, and Infrastructure for Plug-In Electric and Hybrid Vehicles},
	Year = {2013}}

@article{Chen:PNS09,
	Abstract = {Electrical energy storage technologies for stationary applications are reviewed. Particular attention is paid to pumped hydroelectric storage, compressed air energy storage, battery, flow battery, fuel cell, solar fuel, superconducting magnetic energy storage, flywheel, capacitor/supercapacitor, and thermal energy storage. Comparison is made among these technologies in terms of technical characteristics, applications and deployment status. },
	Author = {Haisheng Chen and Thang Ngoc Cong and Wei Yang and Chunqing Tan and Yongliang Li and Yulong Ding},
	Date-Added = {2014-08-16 04:13:35 +0000},
	Date-Modified = {2014-08-16 04:13:58 +0000},
	Doi = {http://dx.doi.org/10.1016/j.pnsc.2008.07.014},
	Issn = {1002-0071},
	Journal = {Progress in Natural Science},
	Keywords = {Electrical energy storage},
	Number = {3},
	Pages = {291 - 312},
	Title = {Progress in electrical energy storage system: A critical review},
	Url = {http://www.sciencedirect.com/science/article/pii/S100200710800381X},
	Volume = {19},
	Year = {2009},
	Bdsk-Url-1 = {http://www.sciencedirect.com/science/article/pii/S100200710800381X},
	Bdsk-Url-2 = {http://dx.doi.org/10.1016/j.pnsc.2008.07.014}}

@misc{energybalance,
	Date-Added = {2014-08-16 04:10:29 +0000},
	Date-Modified = {2014-08-16 04:11:39 +0000},
	Howpublished = {International Energy Agency},
	Title = {2009 Energy Balance for World}}

@article{arsie:SAE06,
	Author = {I. Arsie and G. Rizzo and M. Sorrentino},
	Date-Modified = {2014-08-16 08:14:16 +0000},
	Journal = {SAE Transactions-Journal of Engines},
	Title = {Optimal design and dynamic simulation of a hybrid solar vehicle},
	Year = {2006}}

@article{patterson:TIA95,
	Author = {D. Patterson and R. Spee},
	Journal = {IEEE Trans. Industry Applications},
	Number = {5},
	Title = {The design and development of an axial flux permanent magnet brushless DC motor for wheel drive in a solar powered vehicle},
	Volume = {31},
	Year = {1995}}

@manual{designboom,
	Title = {Solar powered vehicles: http://www.designboom.com/\\contemporary/solarpoweredvehicles.html}}

@article{affanni:TIE05,
	Author = {A. Affanni and A. Bellini and G. Franceschini and P. Guglielmi and C. Tassoni},
	Journal = {IEEE Trans. Industrial Electronics},
	Title = {Battery choice and management for new-generation electric vehicles},
	Year = {2005}}

@book{bishop:PR,
	Author = {Christopher M. Bishop},
	Publisher = {Springer},
	Title = {Pattern Recognition and Machine Learning},
	Year = {2007}}

@inproceedings{wang:date13,
	Author = {Yanzhi Wang and Xue Lin and Jaemin Kim and Naehyuck Chang and Massoud Pedram},
	Booktitle = {Proceedings of DATE},
	Month = {March},
	Title = {Capital cost-aware design and partial shading-aware architecture optimization of a reconfigurable photovltaic system},
	Year = {2013}}

@inproceedings{wang:ISLPED12,
	Author = {Yanzhi Wang and Xue Lin and Naehyuck Chang and Massoud Pedram},
	Booktitle = {Proceedings of the ISLPED},
	Date-Modified = {2014-08-16 04:37:29 +0000},
	Month = {Aug.},
	Title = {Dynamic reconfiguration of photovoltaic energy harvesting system in hybrid electric vehicles},
	Year = {2012}}

@article{xiao:TIE07,
	Author = {W. Xiao and N. Ozog and W. G. Dunford},
	Journal = {IEEE Trans. Industrial Electronics},
	Title = {Topology study of photovoltaic interface for maximum power point tracking},
	Year = {2007}}

@inproceedings{xue:dac12,
	Author = {Xue Lin and Yanzhi Wang and Siyu Yue and Donghwa Shin and Naehyuck Chang and Massoud Pedram},
	Booktitle = {Proceedings of DAC},
	Month = {June},
	Title = {Near-optimal dynamic module reconfiguration in a photovoltaic system to combat partial shading effects},
	Year = {2012}}

@article{Peterson:JPS2010,
	Author = {Scott B. Peterson and J.F. Whitacre and Jay Apt},
	Booktitle = {JPS},
	Date-Modified = {2014-08-16 07:31:34 +0000},
	Journal = {Journal of Power Sources},
	Month = {April},
	Title = {The economics of using plug-in hybrid electric vehicle battery packs for grid storage},
	Year = {2010}}

@article{Bellman:NPC2007,
	Author = {David K. Bellman},
	Booktitle = {Working Documnet of the NPC Global Oil & Gas Study},
	Month = {July},
	Title = {Power Plant Efficiency Outlook},
	Year = {2007}}

@misc{STATE:2013,
	Date-Modified = {2014-08-16 06:03:18 +0000},
	Howpublished = {US Energy Information Adminstration, State electricity profiles, \url{http://www.eia.gov/electricity/state/}, 2014},
	Bdsk-File-1 = {YnBsaXN0MDDUAQIDBAUGJCVYJHZlcnNpb25YJG9iamVjdHNZJGFyY2hpdmVyVCR0b3ASAAGGoKgHCBMUFRYaIVUkbnVsbNMJCgsMDxJXTlMua2V5c1pOUy5vYmplY3RzViRjbGFzc6INDoACgAOiEBGABIAFgAdccmVsYXRpdmVQYXRoWWFsaWFzRGF0YV8QLi4uLy4uLy4uLy4uLy4uLy4uLy4uLy4uLy5UcmFzaC9zY2llbmNlICgxKS5iaWLSFwsYGVdOUy5kYXRhTxEBegAAAAABegACAAAMTWFjaW50b3NoIEhEAAAAAAAAAAAAAAAAAAAA0Fy/90grAAAAHkhYD3NjaWVuY2UgKDEpLmJpYgAAAAAAAAAAAAAAAAAAAAAAAAAAAAAAAAAAAAAAAAAAAAAAAAAAAAAAAAAAAAAAAAAQzYrQFQlPAAAAAAAAAAAACAACAAAJIAAAAAAAAAAAAAAAAAAAAAYuVHJhc2gAEAAIAADQXEFnAAAAEQAIAADQFIq/AAAAAQAMAB5IWAALPJIAApPVAAIAM01hY2ludG9zaCBIRDpVc2VyczoAZGtiYWVrOgAuVHJhc2g6AHNjaWVuY2UgKDEpLmJpYgAADgAgAA8AcwBjAGkAZQBuAGMAZQAgACgAMQApAC4AYgBpAGIADwAaAAwATQBhAGMAaQBuAHQAbwBzAGgAIABIAEQAEgAjVXNlcnMvZGtiYWVrLy5UcmFzaC9zY2llbmNlICgxKS5iaWIAABMAAS8AABUAAgAN//8AAIAG0hscHR5aJGNsYXNzbmFtZVgkY2xhc3Nlc11OU011dGFibGVEYXRhox0fIFZOU0RhdGFYTlNPYmplY3TSGxwiI1xOU0RpY3Rpb25hcnmiIiBfEA9OU0tleWVkQXJjaGl2ZXLRJidUcm9vdIABAAgAEQAaACMALQAyADcAQABGAE0AVQBgAGcAagBsAG4AcQBzAHUAdwCEAI4AvwDEAMwCSgJMAlECXAJlAnMCdwJ+AocCjAKZApwCrgKxArYAAAAAAAACAQAAAAAAAAAoAAAAAAAAAAAAAAAAAAACuA==}}

@misc{BREAKEBIAS,
	Howpublished = {Tom McCready and James Walker, Jr., Brake Bias and Performance Why Brake Balance Matters,\\ \url{http://www.stoptech.com/technical-support/technical-white-papers/white-paper---brake-bias-and-performance-why-brake-balance-matters}}}

@inproceedings{jaemin:ISLPED2014,
	Author = {Jaemin Kim and Yanzhi Wang and Massoud Pedram and Naehyuck Chang},
	Booktitle = {Proceedings of ISLPED},
	Month = {August},
	Title = {Fast Photovoltaic Array Reconfiguration for Partial Solar Powered Vehicles},
	Year = {2014}}
