%% This BibTeX bibliography file was created using BibDesk.
%% http://bibdesk.sourceforge.net/


%% Created for Joonki Hong at 2015-07-06 22:03:18 +0900 


%% Saved with string encoding Unicode (UTF-8) 



@article{6_Ricardo:Conditional,
	Author = {Ricardo A. Daziano},
	Date-Added = {2015-04-24 19:20:39 +0000},
	Date-Modified = {2015-07-06 12:59:05 +0000},
	Journal = {Resource and Energy Economics},
	Month = {sept.},
	Pages = {429-450},
	Title = {Conditional-logit Bayes estimators for consumer valuation of electric vehicle driving range},
	Volume = {35},
	Year = {2013}}

@book{14_James:Electric,
	Author = {L. James and L. John},
	Date-Added = {2015-04-24 19:18:28 +0000},
	Date-Modified = {2015-07-06 13:01:24 +0000},
	Publisher = {UK: John Wiley, Sons},
	Title = {Electric Vehicle Technology Explained. England},
	Year = {2003}}

@article{9_Ceraolo:Techniques,
	Author = {M. Ceraolo and G. Pede},
	Date-Added = {2015-04-24 19:12:54 +0000},
	Date-Modified = {2015-07-06 12:59:56 +0000},
	Journal = {Vehicular Technology, IEEE Transactions on},
	Month = {Jan.},
	Pages = {109-115},
	Title = {Techniques for Estimating the Residual Range of an Electric Vehicle},
	Volume = {50},
	Year = {2001}}

@article{13_Hai:Driving,
	Author = {Hai Yu and Finn Tseng and R. McGee},
	Date-Added = {2015-04-24 19:11:56 +0000},
	Date-Modified = {2015-07-06 13:01:20 +0000},
	Journal = {Electric Vehicle Conference (IEVC), 2012 IEEE International},
	Month = {Mar.},
	Pages = {1-7},
	Title = {Driving pattern identification for EV range estimation},
	Year = {2012}}

@article{11_Moure:Range,
	Author = {C. Moure and M.R. Arroyos and M. Mammetti},
	Date-Added = {2015-04-24 19:11:13 +0000},
	Date-Modified = {2015-07-06 13:00:23 +0000},
	Journal = {Electric Vehicle Symposium and Exhibition (EVS27), 2013 World},
	Pages = {1-15},
	Title = {Range estimator for electric vehicles},
	Year = {2013}}

@article{12_Oliva:Model-based,
	Author = {J. A. Oliva and C. Weilhrauch and T. Bertram},
	Date-Added = {2015-04-24 19:10:17 +0000},
	Date-Modified = {2015-07-06 13:01:01 +0000},
	Journal = {Electric Vehicle Symposium and Exhibition (EVS27), 2013 World},
	Pages = {1-10},
	Title = {Model-based remaining driving range prediction in electric vehicles by using particle filtering and Markov chains},
	Year = {2013}}

@article{10_Rahimi:Big-data,
	Author = {H. Rahimi-Eichi and Mo-Tuen Chow},
	Date-Added = {2015-04-24 19:09:27 +0000},
	Date-Modified = {2015-07-06 13:00:07 +0000},
	Journal = {Industrial Electronics Society, IECON 2014 - 40th Annual Conference of the IEEE},
	Month = {Nov.},
	Pages = {5628-5634},
	Title = {Big-Data Framework for Electric Vehicle Range Estimation},
	Year = {2014}}

@article{8_Hayes:Simplified,
	Author = {J. G. Hayes and R. Pedro R. de Oliveira and S Vaughan, M. G. Egan},
	Date-Added = {2015-04-24 19:07:50 +0000},
	Date-Modified = {2015-07-06 12:59:38 +0000},
	Journal = {Vehicle Power and Propulsion Conference (VPPC), 2011 IEEE},
	Month = {Sept.},
	Pages = {1-5},
	Title = {Simplified Electric Vehicle Power Train Models and Range Estimation},
	Year = {2011}}

@article{7_Bolovinou:Online,
	Author = {A. Bolovinou and I. Bakas and A. Amditis and F. Mastrandrea and W. Vinciotti},
	Date-Added = {2015-04-24 19:03:57 +0000},
	Date-Modified = {2015-07-06 12:59:22 +0000},
	Journal = {Electric Vehicle Conference (IEVC)},
	Month = {Dec.},
	Pages = {1-8},
	Title = {Online Prediction of an Electric Vehicle Remaining Range based on Regression Analysis},
	Year = {2014}}

@article{5_Schwickart:Efficient,
	Author = {T. Schwickart and H. Voos and J.-R. Hadji-Minaglou and M. Darouach},
	Date-Added = {2015-04-24 19:02:01 +0000},
	Date-Modified = {2015-07-06 12:58:48 +0000},
	Journal = {Industrial Informatics (INDIN)},
	Month = {July.},
	Pages = {311-316},
	Title = {An Efficient Nonlinear Model-Predictive Eco-Cruise Control for Electric Vehicles},
	Year = {2013}}

@article{4_Schwickart:Real-time,
	Author = {T. Schwickart and H. Voos and M Darouach},
	Date-Added = {2015-04-24 19:00:41 +0000},
	Date-Modified = {2015-07-06 12:58:21 +0000},
	Journal = {Control Applications (CCA)},
	Month = {Oct.},
	Pages = {617-622},
	Title = {A Real-Time Implementable Model-Predictive Cruise Controller for Electric Vehicles and Energy-Efficient Driving},
	Year = {2014}}

@article{1_Chang:Power,
	Author = {Naehyuck Chang and Donkyu Baek and Jeongmin Hong},
	Date-Added = {2015-04-24 18:59:35 +0000},
	Date-Modified = {2015-07-06 12:53:46 +0000},
	Journal = {in Proceedings of IEEE/ACM International Conference on Computer-Aided Design (ICCAD)},
	Title = {Power Consumption Characterization, Modeling and Estimation of Electric Vehicles},
	Year = {2014}}

@article{3_Yunus:Distribution,
	Author = {Yunus, K. and De La Parra, H.Z. and Reza, M.},
	Date-Added = {2015-04-24 18:57:12 +0000},
	Date-Modified = {2015-07-06 12:57:42 +0000},
	Journal = {Power Electronics and Applications (EPE 2011)},
	Pages = {1-11},
	Title = {Distribution Grid Impact of Plug-In Electric Vehicles Charging at Fast Charging Stations Using Stochastic Charging Model},
	Year = {2011}}

@article{2_Lei:Open-pore,
	Author = {Lei Wen and Xiaodong Hu and Hongze Luo and Feng Li and Huiming Cheng},
	Date-Added = {2015-04-24 16:03:37 +0000},
	Date-Modified = {2015-07-06 12:57:02 +0000},
	Journal = {Particuology},
	Month = {Nov.},
	Title = {Open-pore LiFePO4/C microspheres with high volumetric energy density for lithium ion batteries},
	Year = {2014}}
